@inproceedings{Baxter&al1998,
  added-at = {2007-09-26T12:09:12.000+0200},
  author = {Baxter, Ira D. and Yahin, Andrew and Moura, Leonardo and Sant'Anna, Marcelo and Bier, Lorraine},
  biburl = {http://www.bibsonomy.org/bibtex/25f05acb59e6a885812ace540895b1f8c/kimmens},
  booktitle = { Proc. Int'l Conf. Software Maintenance (ICSM)},
  description = {AOEvolutionchapter short paper},
  interhash = {2fc4a3b69c8f263d095cbed17e37e29e},
  intrahash = {5f05acb59e6a885812ace540895b1f8c},
  keywords = {clone detection},
  pages = {368-377},
  publisher = {IEEE Computer Society Press},
  timestamp = {2007-09-26T12:09:12.000+0200},
  title = {Clone Detection Using Abstract Syntax Trees},
  year = 1998
}
@book{gosling05,
 author = {Gosling, James and Joy, Bill and Steele, Guy and Bracha, Gilad},
 title = {Java(TM) Language Specification, The (3rd Edition) (Java (Addison-Wesley))},
 year = {2005},
 isbn = {0321246780},
 publisher = {Addison-Wesley Professional},
}
@book{lindhold12,
  added-at = {2012-04-18T17:42:48.000+0200},
  author = {Lindholm, Tim and Yellin, Frank and Bracha, Gilad and Buckley, Alex},
  biburl = {http://www.bibsonomy.org/bibtex/268e0b1415711853414bc28ed003a19de/gron},
  day = 6,
  edition = {Java SE 7 Edition},
  interhash = {b8fb1ee1c7cd2cede1d80d3d14855f55},
  intrahash = {68e0b1415711853414bc28ed003a19de},
  keywords = {JVM Java Specification},
  month = {February},
  publisher = {Oracle America, Inc.},
  timestamp = {2012-04-18T17:42:48.000+0200},
  title = {The Javaâ„¢ Virtual Machine Specification},
  url = {http://docs.oracle.com/javase/specs/},
  year = 2012
}
